%------------------------------------------------------------------------
% papers cited in thesis 
%------------------------------------------------------------------------

@online{OEIS,
    author    = "OEIS Foundation Inc. (2017)",
    title     = "The On-Line Encyclopedia of Integer Sequences ",
    url       = "https://oeis.org/A002851/list"
}

@article(WM1,
	author=		"W. Myrvold",
	title=		"Simpler Projective Plane Embedding",
	journal=	"ARS COMBINATORIA",
	year=		2005,
	note=		"20 pages")

@book(BM,
	author=		"A. Bondy and USR Murty",
	title=		"Graph Theory",
	publisher=	"Springer-Verlag London",
	address=	"London",
	year=		2008,
	pages=		"") 

@unpublished(WM2,
	author=		"W. Myrvold",
	title=		"Clockwise BFS",
	year=		2016,
        note=		"CSC 482/582 Class Notes")
        
        
@unpublished(WM3,
	author=		"W. Myrvold",
	title=		"Walking Faces on Non-Orientable Embeddings",
	year=		2016,
        note=		"CSC 482/582 Class Notes") 
        
@unpublished(WM4,
	author=		"W. Myrvold",
	title=		"Graph Isomorphism",
	year=		2016,
        note=		"CSC 482/582 Class Notes")           

@unpublished(PF,
	author=		"P. Fowler",
	title=		"Graph-theoretical Solution to a Chemical Problem: Dominating Sets and Polyhedral Carbon-Nitrogen Cages",
	year=		2017,
        note=		"SE Conference, FAU, March")

